<?xml version="1.0" encoding="UTF-8"?><collection xmlns="http://www.loc.gov/MARC21/slim"><record><leader>00488nam--2200181-i-4500</leader><controlfield tag="001">000008937</controlfield><controlfield tag="002">20161230</controlfield><controlfield tag="005">20161230201028</controlfield><controlfield tag="008">060222s1000------------r-----000-0-eng-d</controlfield><datafield ind1=" " ind2=" " tag="040"><subfield code="a">IFIN-HH</subfield></datafield><datafield ind1=" " ind2=" " tag="080"><subfield code="a">539.171</subfield></datafield><datafield ind1="1" ind2=" " tag="100"><subfield code="a">Craigie, N.S</subfield></datafield><datafield ind1="1" ind2="0" tag="245"><subfield code="a">Elastic proton-deuteron scattering at large angles</subfield><subfield code="c">N.s. craigie, c. wilkin</subfield></datafield><datafield ind1=" " ind2=" " tag="260"><subfield code="a">London</subfield><subfield code="b">University College</subfield><subfield code="c">1969</subfield></datafield><datafield ind1=" " ind2=" " tag="300"><subfield code="a">15P.+6 FIG</subfield></datafield><datafield ind1="1" ind2=" " tag="700"><subfield code="a">Wilkin, C</subfield></datafield><datafield ind1=" " ind2=" " tag="852"><subfield code="a">31046</subfield><subfield code="c">539.17</subfield></datafield><datafield ind1=" " ind2=" " tag="CAT"><subfield code="a">Sys</subfield><subfield code="c">20120606</subfield><subfield code="h">150155</subfield></datafield></record></collection>